@String{popl = {Proc. ACM Symp. on Principles of Programming Languages}}
@String{pldi = {Proc. ACM SIGPLAN Conf. on Programming Language Design and Implementation}}
@String{JavaTM = {{${\mathord{Java}}^{\mathord{TM}}$}}}
@String{JavaBeansTM = {{${\mathord{JavaBeans}}^{\mathord{TM}}$}}}
@String{TACS =    {Proc. Intl. Symp. on Theoretical Aspects of Computer Software}}
@String{LNCS =    {Lecture Notes in Computer Science}}
@String{sas = {Proc. Static Analysis Symp.}}
@String{cc = {Proc. Intl. Conf. on Compiler Construction}}
@MastersThesis {Master:LevAmi00,
        AUTHOR = "T. Lev-Ami",
        Title ="{TVLA}: {A} Framework for {K}leene Based Static Analysis",
        School = "Tel-Aviv University",
        YEAR = 2000,
        address = "Tel-Aviv, Israel"}
@INPROCEEDINGS{kn:TalSAS00,
     Author = "T. Lev-Ami and M. Sagiv",
     Title="{TVLA}: {A} framework for {K}leene based static analysis",
     Booktitle= sas,
     Editor="Jens Palsberg",
     Year=2000,
     series = LNCS,
     volume = 1824,
     publisher = "Springer-Verlag",
     pages =    "280--301"
}

@Article{TOPLAS:SRW02,
        AUTHOR ="M. Sagiv and T. Reps and R. Wilhelm",
        TITLE = "Parametric Shape Analysis via 3-Valued Logic",
        Journal = "ACM Transactions on Programming Languages and Systems",
        Volume = 24,
        Number = 3,
        Pages = "217--298",
        Year=2002
}

@Article {kn:SRW98,
        AUTHOR ="M. Sagiv and T. Reps and R. Wilhelm",
        TITLE = "Solving Shape-Analysis Problems in Languages with Destructive Updating",
        Journal = toplas,
        Volume = 20,
        Number = 1,
        Month = jan,
        Year = 1998,
        Pages = "1--50"
}

@InProceedings{SAS:MRFGS02,
 author    = "Roman Manevich and G. Ramalingam and John Field and Deepak Goyal and Mooly Sagiv",
 title     = "Compactly Representing First-Order Structures for Static Analysis",
 editor    = {Manuel V. Hermenegildo and German Puebla},
 booktitle = {SAS},
 series    = {Lecture Notes in Computer Science},
 volume    = {2477},
 publisher = {Springer},
 note      = "Available from \url{http://www.cs.tau.ac.il/~rumster/sas02.pdf}",
 month     = sep,
 day       = {17--20},
 year      = 2002,
 pages     = {196--212}
}

@MASTERSTHESIS{Man03,
  AUTHOR =       "Roman Manevich",
  TITLE =        "Data Structures and Algorithms for Efficient Shape Analysis",
  SCHOOL =       "Tel-Aviv University, School of Computer Science",
  YEAR =         "2003",
  month =        "January",
  note =         "Available from \url{http://www.cs.tau.ac.il/~rumster/msc\_thesis.pdf}",
  keywords =     "Shape Analysis, Absreact Interpretation, BDD"
}

@InProceedings{ESOP:NNS00,
  author =       "F. Nielson and H.R. Nielson and M. Sagiv",
  title =        "A {K}leene Analysis of Mobile Ambients",
  booktitle =    "Proc. of {ESOP} 2000",
  year =         "2000",
  editor =       "G. Smolka",
  volume =       "1782",
  series =       "LNCS",
  publisher =    "Springer",
  pages =        "305--319",
}
